<?xml version="1.0" encoding="UTF-8"?>
<collection xmlns:xsi="http://www.w3.org/2001/XMLSchema-instance" xsi:schemaLocation="http://www.loc.gov/MARC21/slim http://www.loc.gov/standards/marcxml/schema/MARC21slim.xsd" xmlns="http://www.loc.gov/MARC21/slim">
<record>
  <leader>00925mam a2200241 a 4500</leader>
  <controlfield tag="001">2960380</controlfield>
  <controlfield tag="003">NNC</controlfield>
  <controlfield tag="005">20130426003001.0</controlfield>
  <controlfield tag="008">010830s1967    iq            001 0 ara d</controlfield>
  <datafield tag="035" ind1=" " ind2=" ">
    <subfield code="a">(OCoLC)234389516</subfield>
  </datafield>
  <datafield tag="035" ind1=" " ind2=" ">
    <subfield code="a">(OCoLC)ocn234389516</subfield>
  </datafield>
  <datafield tag="035" ind1=" " ind2=" ">
    <subfield code="9">ASK5585CU</subfield>
  </datafield>
  <datafield tag="035" ind1=" " ind2=" ">
    <subfield code="a">(NNC)2960380</subfield>
  </datafield>
  <datafield tag="040" ind1=" " ind2=" ">
    <subfield code="a">MH</subfield>
    <subfield code="c">MH</subfield>
    <subfield code="d">CStRLIN</subfield>
    <subfield code="d">UkOxU</subfield>
  </datafield>
  <datafield tag="100" ind1="1" ind2=" ">
    <subfield code="a">Shīrāzī, Muḥammad al-Mahdī al-Ḥusaynī.</subfield>
  </datafield>
  <datafield tag="245" ind1="1" ind2="0">
    <subfield code="a">Sharḥ al-Ṣaḥīfah al-sajjādīyah /</subfield>
    <subfield code="c">taʾlīf Muḥammad al-Shīrāzī</subfield>
  </datafield>
  <datafield tag="260" ind1=" " ind2=" ">
    <subfield code="a">al-Najaf :</subfield>
    <subfield code="b">Maṭbaʻat al-Nuʻmān,</subfield>
    <subfield code="c">1967.</subfield>
  </datafield>
  <datafield tag="300" ind1=" " ind2=" ">
    <subfield code="a">512 p. ;</subfield>
    <subfield code="c">25 cm.</subfield>
  </datafield>
  <datafield tag="504" ind1=" " ind2=" ">
    <subfield code="a">Includes index.</subfield>
  </datafield>
  <datafield tag="650" ind1=" " ind2="0">
    <subfield code="a">Shīʻah</subfield>
    <subfield code="v">Prayers and devotions.</subfield>
  </datafield>
  <datafield tag="600" ind1="0" ind2="0">
    <subfield code="a">Zayn al-ʻĀbidīn ʻAlī ibn al-Ḥusayn,</subfield>
    <subfield code="d">-710?</subfield>
    <subfield code="t">Ṣaḥīfah al-kāmilah al-sajjādīyah.</subfield>
  </datafield>
  <datafield tag="700" ind1="0" ind2="2">
    <subfield code="a">Zayn al-ʻĀbidīn ʻAlī ibn al-Ḥusayn,</subfield>
    <subfield code="d">-710?</subfield>
    <subfield code="t">Ṣaḥīfah al-kāmilah al-sajjādīyah.</subfield>
  </datafield>
  <datafield tag="797" ind1="0" ind2="0">
    <subfield code="g">RSLP recon : Oxford</subfield>
  </datafield>
  <datafield tag="955" ind1=" " ind2=" ">
    <subfield code="b">0061731447</subfield>
    <subfield code="d">glx</subfield>
    <subfield code="e">BP193.1.A2 S24 1967g</subfield>
  </datafield>
</record>
</collection>